@incollection{Broberg199999,
title = "4 - Elastostatic Cracks ",
editor = "Broberg, K. Bertram ",
booktitle = "Cracks and Fracture ",
publisher = "Academic Press",
edition = "",
address = "San Diego",
year = "1999",
pages = "99 - 246",
isbn = "978-0-12-134130-5",
doi = "http://dx.doi.org/10.1016/B978-012134130-5/50005-2",
author = "K. Bertram Broberg"
}

@article{sneddon1969crack,
  title={Crack problems in the classical theory of elasticity},
  author={Sneddon, I.N. and Lowengrub, M.},
  lccn={75084971},
  series={SIAM series in applied mathematics},
  year={1969},
  publisher={Wiley}
}

@book{hinch1991perturbation,
  title={Perturbation Methods},
  author={Hinch, E.J.},
  isbn={9780521378970},
  lccn={91213726},
  series={Cambridge Texts in Applied Mathematics},
  year={1991},
  publisher={Cambridge University Press}
}

@book{cheby,
    author    = "John C. Mason and David C. Handscomb",
    title     = "Chebyshev Polynomials",
    year      = "2003",
    publisher = "CRC Press LLC",
    address   = "Boca Raton, Florida"
}